<record><leader>00000cas a2200000 a 4500</leader><controlfield tag="001">733386021</controlfield><controlfield tag="007">hd afb---buuu</controlfield><controlfield tag="008">110628d17631769mauwr nea     0    0eng c</controlfield><datafield ind1=" " ind2=" " tag="010"><subfield code="a">  2011252781</subfield></datafield><datafield ind1=" " ind2=" " tag="040"><subfield code="a">WAU</subfield><subfield code="b">eng</subfield><subfield code="c">WAU</subfield><subfield code="d">WAU</subfield><subfield code="d">OCLCF</subfield><subfield code="d">OCLCO</subfield></datafield><datafield ind1=" " ind2=" " tag="042"><subfield code="a">pcc</subfield></datafield><datafield ind1=" " ind2=" " tag="043"><subfield code="a">n-us-ma</subfield></datafield><datafield ind1="0" ind2="0" tag="245"><subfield code="a">Boston post-boy &amp; advertiser</subfield><subfield code="h">[microform].</subfield></datafield><datafield ind1="1" ind2=" " tag="246"><subfield code="a">Boston post-boy and advertiser</subfield></datafield><datafield ind1=" " ind2=" " tag="260"><subfield code="a">Boston,</subfield><subfield code="b">Green &amp; Russell</subfield></datafield><datafield ind1=" " ind2=" " tag="300"><subfield code="a">v. :</subfield><subfield code="b">ill.</subfield></datafield><datafield ind1=" " ind2=" " tag="310"><subfield code="a">Weekly</subfield></datafield><datafield ind1="1" ind2=" " tag="362"><subfield code="a">Began with: No. 302 (May 30, 1763); ceased with: no. 632 (Sept. 25, 1769).</subfield></datafield><datafield ind1=" " ind2=" " tag="525"><subfield code="a">May 23, 1768-Sept. 25, 1769, include supplement: Massachusetts gazette.</subfield></datafield><datafield ind1=" " ind2=" " tag="533"><subfield code="a">Microfilm.</subfield><subfield code="b">Washington, D.C. :</subfield><subfield code="c">Library of Congress Photoduplication Service.</subfield><subfield code="e">microfilm reels ; 35 mm.</subfield></datafield><datafield ind1=" " ind2=" " tag="588"><subfield code="a">Description based on: No. 302 (May 30, 1763); title from masthead.</subfield></datafield><datafield ind1=" " ind2=" " tag="588"><subfield code="a">Latest issue consulted: No. 620 (July 3, 1769).</subfield></datafield><datafield ind1=" " ind2="0" tag="651"><subfield code="a">Boston (Mass.)</subfield><subfield code="v">Newspapers.</subfield></datafield><datafield ind1=" " ind2="0" tag="651"><subfield code="a">Suffolk County (Mass.)</subfield><subfield code="v">Newspapers.</subfield></datafield><datafield ind1=" " ind2="7" tag="655"><subfield code="a">Newspapers.</subfield><subfield code="2">fast</subfield><subfield code="0">(OCoLC)fst01423814</subfield></datafield><datafield ind1=" " ind2="7" tag="651"><subfield code="a">Massachusetts</subfield><subfield code="z">Boston.</subfield><subfield code="2">fast</subfield><subfield code="0">(OCoLC)fst01205012</subfield></datafield><datafield ind1=" " ind2="7" tag="651"><subfield code="a">Massachusetts</subfield><subfield code="z">Suffolk County.</subfield><subfield code="2">fast</subfield><subfield code="0">(OCoLC)fst01206189</subfield></datafield><datafield ind1=" " ind2=" " tag="752"><subfield code="a">United States</subfield><subfield code="b">Massachusetts</subfield><subfield code="c">Suffolk</subfield><subfield code="d">Boston.</subfield></datafield><datafield ind1="1" ind2=" " tag="776"><subfield code="c">Original</subfield><subfield code="w">(DLC)sn 83020607</subfield><subfield code="w">(OCoLC)9450903</subfield></datafield><datafield ind1="0" ind2="0" tag="780"><subfield code="t">Green &amp; Russell's Boston post-boy &amp; advertiser</subfield><subfield code="w">(DLC)  2011252780</subfield><subfield code="w">(OCoLC)733385742</subfield></datafield><datafield ind1="0" ind2="0" tag="785"><subfield code="t">Massachusetts gazette, and the Boston post-boy and advertiser</subfield><subfield code="w">(DLC)  2011252782</subfield><subfield code="w">(OCoLC)733385465</subfield></datafield></record>